@Article{Korchmaros:21a,
  journal =      {Discr. Appl. Math.},
  volume =       {304},
  year =         {2021},
  pages =        {397-416},
  title =        {The structure of 2-colored best match graphs},
  author =       {Korchmaros, Annachiara},
  doi =          {10.1016/j.dam.2021.08.007},
}

@Article{Das:21,
  author =       {Das, Sandip and Ghosh, Prantar and Ghosh, Shamik and
                  Sen, Sagnik},
  title =        {Oriented bipartite graphs and the Goldbach graph},
  journal =      {Discrete Math.},
  volume =       {344},
  year =         {2021},
  pages =        {112497},
  doi =          {10.1016/j.disc.2021.112497},
}

@Article{Geiss:19a,
  title =        {Best Match Graphs},
  author =       {Gei{\ss}, Manuela and Ch{\'a}vez, Edgar and Gonz{\'a}lez
                  Laffitte, Marcos and L{\'o}pez S{\'a}nchez, Alitzel and
                  Stadler, B{\"a}rbel M R and Valdivia, Dulce I. and
                  Hellmuth, Marc and Hern{\'a}ndez Rosales, Maribel and
                  Stadler, Peter F},
  journal =      {J. Math. Biol.},
  volume =       {78},
  pages =        {2015-2057},
  year =         {2019},
  doi =          {10.1007/s00285-019-01332-9},
}

@Article{Geiss:20b,
  author =       {Gei{\ss}, Manuela and Gonz{\'a}lez Laffitte, Marcos E.
                  and L{\'o}pez S{\'a}nchez, Alitzel and Valdivia, Dulce I.
                  and Hellmuth, Marc and Hern{\'a}ndez Rosales, Maribel and
                  Stadler, Peter F.},
  title =        {Best Match Graphs and Reconciliation of Gene Trees
                  with Species Trees},
  journal =      {J. Math. Biol.},
  year =         {2020},
  volume =       {80},
  pages =        {1459-1495},
  doi =          {10.1007/s00285-020-01469-y},
  note =         {earlier version in arXiv: 1904.12021},
}

@Article{Schaller:21a,
  author =         {Schaller, David and Gei{\ss}, Manuela and Stadler, Peter
                    F. and Hellmuth, Marc},
  title =          {Complete Characterization of Incorrect Orthology
                    Assignments in Best Match Graphs},
  journal =        {J. Math. Biol.},
  volume =         {82},
  pages =          {20},
  year =           {2021},
  doi =            {10.1007/s00285-021-01564-8},
}

@Article{Schaller:21b,
  author =         {Schaller, David and Stadler, Peter F and Hellmuth, Marc},
  title =          {Complexity of Modification Problems for Best Match Graphs},
  journal =        {Theor. Comp. Sci.},
  volume =         {865},
  pages =          {63-84},
  year =           {2021},
  doi =            {10.1016/j.tcs.2021.02.037},
}

@Article{Schaller:21d,
  author =         {Schaller, David and Gei{\ss}, Manuela and Ch{\'a}vez,
                    Edgar and Gonz{\'a}lez Laffitte, Marcos and L{\'o}pez
                    S{\'a}nchez, Alitzel and Stadler, B{\"a}rbel M. R. and
                    Valdivia, Dulce I. and Hellmuth, Marc and Hern{\'a}ndez
                    Rosales, Maribel and Stadler, Peter F.},
  title =          {Corrigendum to ``{Best Match Graphs}''},
  journal =        {J. Math. Biol.},
  volume =         {82},
  pages =          {47},
  year =           {2021},
  doi =            {10.1007/s00285-021-01601-6},
}

@InProceedings{Schaller:21c,
  author =         {Schaller, David and Gei{\ss}, Manuela and Hellmuth,
                    Marc and Stadler, Peter F.},
  title =          {Best Match Graphs with Binary Trees},
  booktitle =      {Algorithms for Computational Biology, 8th AlCoB},
  editor =         {Mart{\'\i}n-Vide, Carlos and Vega-Rodr{\'\i}guez,
  Miguel A. and Wheeler, Travis},
  series =         {Lect. Notes Comp. Sci.},
  volume =         {12715},
  pages =          {82-93},
  year =           {2021},
  doi =            {10.1007/978-3-030-74432-8\_6},
}

@Article{Aho:81,
  author =       {Aho, A. V. and  Sagiv, Y. and Szymanski, T. G. and
  Ullman, J. D.},
  year =         {1981},
  title =        {Inferring a tree from lowest common ancestors with an
  application to the optimization of relational expressions},
  journal =      {SIAM J Comput},
  volume =       {10},
  pages =        {405-421},
  doi =          {10.1137/0210030}
}

@Article{He:06,
  title =        {Inferring phylogenetic relationships avoiding
                  forbidden rooted triplets},
  author =       {He, Ying-Jun and Huynh, Trinh N D and Jansson,
                  Jesper and Sung, Wing-Kin},
  journal =      {J. Bioinf. Comp. Biol.},
  volume =       {4},
  pages =        {59-74},
  year =         {2006},
  doi =          {10.1142/S0219720006001709},
}


@Article{Bryant:95,
  title =          {Extension operations on sets of leaf-labeled trees},
  author =         {Bryant, David and Steel, Mike},
  journal =        {Adv. Appl. Math.},
  volume =         {16},
  pages =          {425-453},
  year =           {1995},
  doi =            {10.1006/aama.1995.1020},
}

@Book{Semple:03,
  author =       {Semple, C. and Steel, M.},
  title =        {Phylogenetics},
  publisher =    {Oxford University Press},
  address =      {Oxford UK},
  year =         {2003},
}

@Article{Hammer:64,
  author =       {Hammer, Preston C.},
  title =        {Extended Topology: Structure of Isotonic Functions},
  journal =      {J. reine angew. Math.},
  year =         {1964},
  volume =       {213},
  pages =        {174-186},
  doi =          {10.1515/crll.1964.213.174},
}

@Article{Cohn:02,
  author =       {Cohn, Henry and Pemantle, Robin and Propp, James G.},
  title =        {Generating a random sink-free orientation in quadratic
                  time},
  journal =      {Electr. J. Comb.},
  volume =       {9},
  year =         {2002},
  pages =        {R10},
  doi =          {10.37236/1627}
}

@Article{Abrams:10,
  author =       {Abrams, Gene and Sklar, Jessica K.},
  title =        {The Graph Menagerie: Abstract Algebra and the Mad
                  Veterinarian},
  journal =      {Math. Mag.},
  volume =       {83},
  year =         {2010},
  pages =        {168-179},
  doi =          {10.4169/002557010X494814},
}

@Article{Adam:84,
  author =       {{\'A}d{\'a}m, A.},
  year =         {1984},
  title =        {On certain partitions of finite directed graphs
                  and of finite automata},
  journal =      {Acta Cybernetica},
  volume =       {6},
  pages =        {331-346},
}

@article{korchmaros2021quasi,
  title={Quasi-Best Match Graphs},
  author={Korchmaros, Annachiara and Schaller, David and Hellmuth, Marc and Stadler, Peter F},
  journal={arXiv preprint arXiv:2109.10235},
  year={2021}
}

@article{schaller2021complexity,
  title={Complexity of modification problems for best match graphs},
  author={Schaller, David and Stadler, Peter F and Hellmuth, Marc},
  journal={Theoretical Computer Science},
  volume={865},
  pages={63--84},
  year={2021},
  publisher={Elsevier}
}

@article{geiss2020reciprocal,
  title={Reciprocal best match graphs},
  author={Gei{\ss}, Manuela and Stadler, Peter F and Hellmuth, Marc},
  journal={Journal of mathematical biology},
  volume={80},
  number={3},
  pages={865--953},
  year={2020},
  publisher={Springer}
}

@article{schaller2021corrigendum,
  title={Corrigendum to “Best match graphs”},
  author={Schaller, David and Gei{\ss}, Manuela and Ch{\'a}vez, Edgar and Gonz{\'a}lez Laffitte, Marcos and L{\'o}pez S{\'a}nchez, Alitzel and Stadler, B{\"a}rbel MR and Valdivia, Dulce I and Hellmuth, Marc and Hern{\'a}ndez Rosales, Maribel and Stadler, Peter F},
  journal={Journal of Mathematical Biology},
  volume={82},
  number={6},
  pages={1--9},
  year={2021},
  publisher={Springer}
}

@article{stadler2020pairs,
  title={From pairs of most similar sequences to phylogenetic best matches},
  author={Stadler, Peter F and Gei{\ss}, Manuela and Schaller, David and L{\'o}pez S{\'a}nchez, Alitzel and Gonz{\'a}lez Laffitte, Marcos and Valdivia, Dulce I and Hellmuth, Marc and Hern{\'a}ndez Rosales, Maribel},
  journal={Algorithms for Molecular Biology},
  volume={15},
  number={1},
  pages={1--20},
  year={2020},
  publisher={BioMed Central}
}